<ENVELOPE>
 <HEADER>
  <TALLYREQUEST>Import Data</TALLYREQUEST>
 </HEADER>
 <BODY>
  <IMPORTDATA>
   <REQUESTDESC>
    <REPORTNAME>All Masters</REPORTNAME>
   </REQUESTDESC>
   <REQUESTDATA>
    <TALLYMESSAGE xmlns:UDF="TallyUDF">
     <VOUCHER REMOTEID="a9545bdc-3762-40ba-8917-ec660dcacc0e-00Jrnl-0107-011" VCHKEY="a9545bdc-3762-40ba-8917-ec660dcacc0e-00Jrnl-0107-011:000001d6"VCHTYPE="Journal-Others" ACTION="Create" OBJVIEW="Accounting Voucher View">
      <DATE>20191231</DATE>
      <GUID>a9545bdc-3762-40ba-8917-ec660dcacc0e-00Jrnl-0107-011</GUID>
      <NARRATION></NARRATION>
      <VOUCHERTYPENAME>Journal-Others</VOUCHERTYPENAME>
      <VOUCHERNUMBER>Jrnl-0107-011</VOUCHERNUMBER>
      <PARTYLEDGERNAME></PARTYLEDGERNAME>
      <EFFECTIVEDATE>20191231</EFFECTIVEDATE>
      <ALTERID></ALTERID>
      <MASTERID></MASTERID>
      <VOUCHERKEY></VOUCHERKEY>
      <ALLLEDGERENTRIES.LIST>
       <NARRATION></NARRATION>
       <LEDGERNAME>Incentives</LEDGERNAME>
       <ISDEEMEDPOSITIVE>Yes</ISDEEMEDPOSITIVE>
       <AMOUNT>-1265000</AMOUNT>
      </ALLLEDGERENTRIES.LIST>
      <ALLLEDGERENTRIES.LIST>
       <NARRATION></NARRATION>
       <LEDGERNAME>Amadeus OTI - Income</LEDGERNAME>
       <ISDEEMEDPOSITIVE>no</ISDEEMEDPOSITIVE>
       <AMOUNT>1265000</AMOUNT>
      </ALLLEDGERENTRIES.LIST>
     </VOUCHER>
    </TALLYMESSAGE>
   </REQUESTDATA>
  </IMPORTDATA>
 </BODY>
</ENVELOPE>
