<ENVELOPE>
 <HEADER>
  <TALLYREQUEST>Import Data</TALLYREQUEST>
 </HEADER>
 <BODY>
  <IMPORTDATA>
   <REQUESTDESC>
    <REPORTNAME>All Masters</REPORTNAME>
   </REQUESTDESC>
   <REQUESTDATA>
    <TALLYMESSAGE xmlns:UDF="TallyUDF">
     <LEDGER NAME="PHILTRANCO SERVICE ENTERPRISES INC" RESERVEDNAME="">
      <CURRENCYNAME>p</CURRENCYNAME>
      <PARENT>Accounts Payable</PARENT>
      <ISBILLWISEON>No</ISBILLWISEON>
      <ISCOSTCENTRESON>Yes</ISCOSTCENTRESON>
      <LANGUAGENAME.LIST>
       <NAME.LIST TYPE="String">
        <NAME>PHILTRANCO SERVICE ENTERPRISES INC</NAME>
       </NAME.LIST>
       <LANGUAGEID> 1033</LANGUAGEID>
      </LANGUAGENAME.LIST>
     </LEDGER>
     <LEDGER NAME="Bus Purchases" RESERVEDNAME="">
      <CURRENCYNAME>p</CURRENCYNAME>
      <PARENT>Accounts Payable</PARENT>
      <ISBILLWISEON>No</ISBILLWISEON>
      <ISCOSTCENTRESON>Yes</ISCOSTCENTRESON>
      <LANGUAGENAME.LIST>
       <NAME.LIST TYPE="String">
        <NAME>Bus Purchases</NAME>
       </NAME.LIST>
       <LANGUAGEID> 1033</LANGUAGEID>
      </LANGUAGENAME.LIST>
     </LEDGER>
     <VOUCHER REMOTEID="a9545bdc-3762-40ba-8917-ec660dcacc0e-bu00JB-000017" VCHKEY="a9545bdc-3762-40ba-8917-ec660dcacc0e-bu00JB-000017:000001d6"VCHTYPE="Journal-Bus" ACTION="Create" OBJVIEW="Accounting Voucher View">
      <DATE>20191231</DATE>
      <GUID>a9545bdc-3762-40ba-8917-ec660dcacc0e-bu00JB-000017</GUID>
      <NARRATION>PHILTRANCO SERVICE ENTERPRISES INC</NARRATION>
      <VOUCHERTYPENAME>Journal-Bus</VOUCHERTYPENAME>
      <VOUCHERNUMBER>JB-000017</VOUCHERNUMBER>
      <PARTYLEDGERNAME></PARTYLEDGERNAME>
      <EFFECTIVEDATE>20191231</EFFECTIVEDATE>
      <ALTERID></ALTERID>
      <MASTERID></MASTERID>
      <VOUCHERKEY></VOUCHERKEY>
      <ALLLEDGERENTRIES.LIST>
       <NARRATION>Gross Amount /      64,685.09</NARRATION>
       <LEDGERNAME>Control Agent</LEDGERNAME>
       <ISDEEMEDPOSITIVE>yes</ISDEEMEDPOSITIVE>
       <AMOUNT>-71385.09</AMOUNT>
      </ALLLEDGERENTRIES.LIST>
      <ALLLEDGERENTRIES.LIST>
       <NARRATION>Agent Commission /       6,700.00</NARRATION>
       <LEDGERNAME>Agent Commission - Bus</LEDGERNAME>
       <ISDEEMEDPOSITIVE>yes</ISDEEMEDPOSITIVE>
       <AMOUNT>-6700</AMOUNT>
      </ALLLEDGERENTRIES.LIST>
      <ALLLEDGERENTRIES.LIST>
       <NARRATION></NARRATION>
       <LEDGERNAME>Bus Sales</LEDGERNAME>
       <ISDEEMEDPOSITIVE>No</ISDEEMEDPOSITIVE>
       <AMOUNT>9380</AMOUNT>
      </ALLLEDGERENTRIES.LIST>
      <ALLLEDGERENTRIES.LIST>
       <NARRATION>Payable. / PHILTRANCO SERVICE ENTERPRISES INC</NARRATION>
       <LEDGERNAME>Bus Purchases</LEDGERNAME>
       <ISDEEMEDPOSITIVE>No</ISDEEMEDPOSITIVE>
       <AMOUNT>68705.09</AMOUNT>
      </ALLLEDGERENTRIES.LIST>
     </VOUCHER>
    </TALLYMESSAGE>
   </REQUESTDATA>
  </IMPORTDATA>
 </BODY>
</ENVELOPE>
