<ENVELOPE>
 <HEADER>
  <TALLYREQUEST>Import Data</TALLYREQUEST>
 </HEADER>
 <BODY>
  <IMPORTDATA>
   <REQUESTDESC>
    <REPORTNAME>All Masters</REPORTNAME>
   </REQUESTDESC>
   <REQUESTDATA>
    <TALLYMESSAGE xmlns:UDF="TallyUDF">
     <VOUCHER REMOTEID="a9545bdc-3762-40ba-8917-ec660dcacc0e-00JU3A46" VCHKEY="a9545bdc-3762-40ba-8917-ec660dcacc0e-00JU3A46:000001d6"VCHTYPE="Sales" ACTION="Create" OBJVIEW="Accounting Voucher View">
      <DATE>20191031</DATE>
      <GUID>a9545bdc-3762-40ba-8917-ec660dcacc0e-00JU3A46</GUID>
      <NARRATION>ZANE'S TRAVEL AND TOURS-CebupacificAirDVO -MNL -O-Airline SalesAgent Extraamount - 300.00 PHP</NARRATION>
      <VOUCHERTYPENAME>Sales</VOUCHERTYPENAME>
      <VOUCHERNUMBER>JU3A46</VOUCHERNUMBER>
      <PARTYLEDGERNAME></PARTYLEDGERNAME>
      <EFFECTIVEDATE>20191031</EFFECTIVEDATE>
      <ALTERID></ALTERID>
      <MASTERID></MASTERID>
      <VOUCHERKEY></VOUCHERKEY>
      <ALLLEDGERENTRIES.LIST>
       <NARRATION>ZANE'S TRAVEL AND TOURS</NARRATION>
       <LEDGERNAME>Airline Sales</LEDGERNAME>
       <ISDEEMEDPOSITIVE>No</ISDEEMEDPOSITIVE>
       <AMOUNT>3782</AMOUNT>
       <SERVICETAXDETAILS.LIST>       </SERVICETAXDETAILS.LIST>
      </ALLLEDGERENTRIES.LIST>
      <ALLLEDGERENTRIES.LIST>
       <NARRATION>ZANE'S TRAVEL AND TOURS</NARRATION>
       <LEDGERNAME>Control Agent</LEDGERNAME>
       <ISDEEMEDPOSITIVE>Yes</ISDEEMEDPOSITIVE>
       <AMOUNT>-3782</AMOUNT>
      </ALLLEDGERENTRIES.LIST>
     </VOUCHER>
    </TALLYMESSAGE>
   </REQUESTDATA>
  </IMPORTDATA>
 </BODY>
</ENVELOPE>
