<ENVELOPE>
 <HEADER>
  <TALLYREQUEST>Import Data</TALLYREQUEST>
 </HEADER>
 <BODY>
  <IMPORTDATA>
   <REQUESTDESC>
    <REPORTNAME>All Masters</REPORTNAME>
   </REQUESTDESC>
   <REQUESTDATA>
    <TALLYMESSAGE xmlns:UDF="TallyUDF">
     <VOUCHER REMOTEID="a9545bdc-3762-40ba-8917-ec660dcacc0e-00CDV31091" VCHKEY="a9545bdc-3762-40ba-8917-ec660dcacc0e-00CDV31091:000001d6"VCHTYPE="Payment" ACTION="Create" OBJVIEW="Accounting Voucher View">
      <DATE>20191031</DATE>
      <GUID>a9545bdc-3762-40ba-8917-ec660dcacc0e-00CDV31091</GUID>
      <NARRATION>CH. NO. 7407621 BEING CHEQUE ISSUED INFAVOR OF ASIA CLEAN MAINTENANCE MANPOWER AND ALLIED SERVICES CORP TOWARDS PAYMENT FOR JANITORIAL SERVICES FOR THE PERIOD OF DECEMBER 16-31 2018.6 DAYS A WEE</NARRATION>
      <VOUCHERTYPENAME>Payment</VOUCHERTYPENAME>
      <VOUCHERNUMBER>CDV31091</VOUCHERNUMBER>
      <PARTYLEDGERNAME></PARTYLEDGERNAME>
      <EFFECTIVEDATE>20191031</EFFECTIVEDATE>
      <ALTERID></ALTERID>
      <MASTERID></MASTERID>
      <VOUCHERKEY></VOUCHERKEY>
      <ALLLEDGERENTRIES.LIST>
       <NARRATION>ASIA CLEAN MAINTENANCE MANPOWER & ALLIED SERVICES CORP</NARRATION>
       <LEDGERNAME>VAT Input Tax</LEDGERNAME>
       <ISDEEMEDPOSITIVE>Yes</ISDEEMEDPOSITIVE>
       <AMOUNT>-1284.26</AMOUNT>
      </ALLLEDGERENTRIES.LIST>
      <ALLLEDGERENTRIES.LIST>
       <NARRATION>ASIA CLEAN MAINTENANCE MANPOWER & ALLIED SERVICES CORP</NARRATION>
       <LEDGERNAME>UCPB C/A PHP 201120001328</LEDGERNAME>
       <ISDEEMEDPOSITIVE>No</ISDEEMEDPOSITIVE>
       <AMOUNT>11986.39</AMOUNT>
       <SERVICETAXDETAILS.LIST>       </SERVICETAXDETAILS.LIST>
       <BANKALLOCATIONS.LIST>
        <DATE>20191031</DATE>
        <INSTRUMENTDATE>20191031</INSTRUMENTDATE>
        <INSTRUMENTNUMBER></INSTRUMENTNUMBER>
        <NAME>80b5ca2c-72d1-4faa-95dc-7f18b275579c</NAME>
        <TRANSACTIONTYPE>Cheque</TRANSACTIONTYPE>
        <PAYMENTFAVOURING></PAYMENTFAVOURING>
        <CHEQUECROSSCOMMENT>A/c Payee</CHEQUECROSSCOMMENT>
        <UNIQUEREFERENCENUMBER>4rHnRatSlmtwZwWR</UNIQUEREFERENCENUMBER>
        <STATUS>No</STATUS>
        <PAYMENTMODE>Transacted</PAYMENTMODE>
        <BANKPARTYNAME></BANKPARTYNAME>
        <ISCONNECTEDPAYMENT>No</ISCONNECTEDPAYMENT>
        <ISSPLIT>No</ISSPLIT>
        <ISCONTRACTUSED>No</ISCONTRACTUSED>
        <ISACCEPTEDWITHWARNING>No</ISACCEPTEDWITHWARNING>
        <ISTRANSFORCED>No</ISTRANSFORCED>
        <AMOUNT>11986.39</AMOUNT>
        <CONTRACTDETAILS.LIST>        </CONTRACTDETAILS.LIST>
        <BANKSTATUSINFO.LIST>        </BANKSTATUSINFO.LIST>
       </BANKALLOCATIONS.LIST>
      </ALLLEDGERENTRIES.LIST>
      <ALLLEDGERENTRIES.LIST>
       <NARRATION>ASIA CLEAN MAINTENANCE MANPOWER & ALLIED SERVICES CORP</NARRATION>
       <LEDGERNAME>JANITORIAL SERVICES</LEDGERNAME>
       <ISDEEMEDPOSITIVE>Yes</ISDEEMEDPOSITIVE>
       <AMOUNT>-10702.13</AMOUNT>
      </ALLLEDGERENTRIES.LIST>
     </VOUCHER>
    </TALLYMESSAGE>
   </REQUESTDATA>
  </IMPORTDATA>
 </BODY>
</ENVELOPE>
