<ENVELOPE>
 <HEADER>
  <TALLYREQUEST>Import Data</TALLYREQUEST>
 </HEADER>
 <BODY>
  <IMPORTDATA>
   <REQUESTDESC>
    <REPORTNAME>All Masters</REPORTNAME>
   </REQUESTDESC>
   <REQUESTDATA>
    <TALLYMESSAGE xmlns:UDF="TallyUDF">
     <VOUCHER REMOTEID="a9545bdc-3762-40ba-8917-ec660dcacc0e-00JU277K" VCHKEY="a9545bdc-3762-40ba-8917-ec660dcacc0e-00JU277K:000001d6"VCHTYPE="Sales" ACTION="Create" OBJVIEW="Accounting Voucher View">
      <DATE>20191031</DATE>
      <GUID>a9545bdc-3762-40ba-8917-ec660dcacc0e-00JU277K</GUID>
      <NARRATION>STARLEGENDS ADVENTURES BY CHRISDYN-CebupacificAirMNL -MNL -RRESCHEDULE-CebupacificAirMNL -MNL -RRESCHEDULE</NARRATION>
      <VOUCHERTYPENAME>Sales</VOUCHERTYPENAME>
      <VOUCHERNUMBER>JU277K</VOUCHERNUMBER>
      <PARTYLEDGERNAME></PARTYLEDGERNAME>
      <EFFECTIVEDATE>20191031</EFFECTIVEDATE>
      <ALTERID></ALTERID>
      <MASTERID></MASTERID>
      <VOUCHERKEY></VOUCHERKEY>
      <ALLLEDGERENTRIES.LIST>
       <NARRATION>STARLEGENDS ADVENTURES BY CHRISDYN</NARRATION>
       <LEDGERNAME>Control Agent</LEDGERNAME>
       <ISDEEMEDPOSITIVE>Yes</ISDEEMEDPOSITIVE>
       <AMOUNT>-2381</AMOUNT>
      </ALLLEDGERENTRIES.LIST>
     </VOUCHER>
    </TALLYMESSAGE>
   </REQUESTDATA>
  </IMPORTDATA>
 </BODY>
</ENVELOPE>
